<?xml version="1.0" encoding="UTF-8"?>
  <record xmlns="http://www.loc.gov/MARC21/slim" type="Authority">
    <leader>00000nz  a2200000nc 4500</leader>
    <controlfield tag="001">119030373</controlfield>
    <controlfield tag="003">DE-101</controlfield>
    <controlfield tag="005">20220604114951.0</controlfield>
    <controlfield tag="008">920505n||azznnaabn           | aaa    |c</controlfield>
    <datafield tag="024" ind1="7" ind2=" ">
      <subfield code="a">119030373</subfield>
      <subfield code="0">http://d-nb.info/gnd/119030373</subfield>
      <subfield code="2">gnd</subfield>
    </datafield>
    <datafield tag="035" ind1=" " ind2=" ">
      <subfield code="a">(DE-101)119030373</subfield>
    </datafield>
    <datafield tag="035" ind1=" " ind2=" ">
      <subfield code="a">(DE-588)119030373</subfield>
    </datafield>
    <datafield tag="035" ind1=" " ind2=" ">
      <subfield code="z">(DE-588)176951725</subfield>
    </datafield>
    <datafield tag="035" ind1=" " ind2=" ">
      <subfield code="z">(DE-588a)176951725</subfield>
      <subfield code="9">v:zg</subfield>
    </datafield>
    <datafield tag="035" ind1=" " ind2=" ">
      <subfield code="z">(DE-588a)119030373</subfield>
      <subfield code="9">v:zg</subfield>
    </datafield>
    <datafield tag="035" ind1=" " ind2=" ">
      <subfield code="z">(DE-588c)4283071-0</subfield>
      <subfield code="9">v:zg</subfield>
    </datafield>
    <datafield tag="040" ind1=" " ind2=" ">
      <subfield code="a">DE-12</subfield>
      <subfield code="c">DE-12</subfield>
      <subfield code="9">r:DE-12</subfield>
      <subfield code="b">ger</subfield>
      <subfield code="d">1210</subfield>
      <subfield code="e">rda</subfield>
    </datafield>
    <datafield tag="042" ind1=" " ind2=" ">
      <subfield code="a">gnd1</subfield>
    </datafield>
    <datafield tag="043" ind1=" " ind2=" ">
      <subfield code="c">XA-ES</subfield>
    </datafield>
    <datafield tag="065" ind1=" " ind2=" ">
      <subfield code="a">3.6p</subfield>
      <subfield code="2">sswd</subfield>
    </datafield>
    <datafield tag="075" ind1=" " ind2=" ">
      <subfield code="b">p</subfield>
      <subfield code="2">gndgen</subfield>
    </datafield>
    <datafield tag="075" ind1=" " ind2=" ">
      <subfield code="b">piz</subfield>
      <subfield code="2">gndspec</subfield>
    </datafield>
    <datafield tag="079" ind1=" " ind2=" ">
      <subfield code="a">g</subfield>
      <subfield code="q">s</subfield>
      <subfield code="q">a</subfield>
      <subfield code="q">f</subfield>
      <subfield code="u">w</subfield>
    </datafield>
    <datafield tag="100" ind1="1" ind2=" ">
      <subfield code="a">Palafox y Mendoza, Juan &#152;de&#156;</subfield>
      <subfield code="d">1600-1659</subfield>
    </datafield>
    <datafield tag="375" ind1=" " ind2=" ">
      <subfield code="a">1</subfield>
      <subfield code="2">iso5218</subfield>
    </datafield>
    <datafield tag="400" ind1="1" ind2=" ">
      <subfield code="a">Mendoza, Juan de Palafox &#152;y&#156;</subfield>
      <subfield code="d">1600-1659</subfield>
    </datafield>
    <datafield tag="400" ind1="1" ind2=" ">
      <subfield code="a">Palafox, Johann &#152;von&#156;</subfield>
      <subfield code="d">1600-1659</subfield>
    </datafield>
    <datafield tag="400" ind1="1" ind2=" ">
      <subfield code="a">Palafox e Mendoza, Giovanni &#152;di&#156;</subfield>
      <subfield code="d">1600-1659</subfield>
    </datafield>
    <datafield tag="400" ind1="1" ind2=" ">
      <subfield code="a">Palafox et Mendoze, Jean &#152;de&#156;</subfield>
      <subfield code="d">1600-1659</subfield>
    </datafield>
    <datafield tag="400" ind1="1" ind2=" ">
      <subfield code="a">Palafox, Juan</subfield>
      <subfield code="d">1600-1659</subfield>
    </datafield>
    <datafield tag="400" ind1="1" ind2=" ">
      <subfield code="a">Palafox et Mendoza, Johannes &#152;de&#156;</subfield>
      <subfield code="d">1600-1659</subfield>
    </datafield>
    <datafield tag="400" ind1="1" ind2=" ">
      <subfield code="a">Palafox y Mendoza, Johannes &#152;von&#156;</subfield>
      <subfield code="d">1600-1659</subfield>
    </datafield>
    <datafield tag="400" ind1="1" ind2=" ">
      <subfield code="a">Palafox y Mendoza, J. &#152;de&#156;</subfield>
      <subfield code="d">1600-1659</subfield>
    </datafield>
    <datafield tag="400" ind1="1" ind2=" ">
      <subfield code="a">Palafox y Mendoca, Juan &#152;de&#156;</subfield>
      <subfield code="d">1600-1659</subfield>
    </datafield>
    <datafield tag="400" ind1="1" ind2=" ">
      <subfield code="a">Palafox, Juan &#152;de&#156;</subfield>
      <subfield code="d">1600-1659</subfield>
    </datafield>
    <datafield tag="400" ind1="1" ind2=" ">
      <subfield code="a">Palafox Mendoza, Juan &#152;de&#156;</subfield>
      <subfield code="d">1600-1659</subfield>
    </datafield>
    <datafield tag="400" ind1="1" ind2=" ">
      <subfield code="a">Palafox, Jean &#152;de&#156;</subfield>
      <subfield code="d">1600-1659</subfield>
    </datafield>
    <datafield tag="400" ind1="1" ind2=" ">
      <subfield code="a">Mendoza, Juan de P. &#152;y&#156;</subfield>
      <subfield code="d">1600-1659</subfield>
    </datafield>
    <datafield tag="400" ind1="1" ind2=" ">
      <subfield code="a">Palafox a Mendoza, Giovanni</subfield>
      <subfield code="d">1600-1659</subfield>
    </datafield>
    <datafield tag="400" ind1="1" ind2=" ">
      <subfield code="a">Palafox, Joannes &#152;de&#156;</subfield>
      <subfield code="d">1600-1659</subfield>
    </datafield>
    <datafield tag="400" ind1="1" ind2=" ">
      <subfield code="a">Palafox, Johannes &#152;de&#156;</subfield>
      <subfield code="d">1600-1659</subfield>
    </datafield>
    <datafield tag="400" ind1="1" ind2=" ">
      <subfield code="a">Palafox, Johann &#152;de&#156;</subfield>
      <subfield code="d">1600-1659</subfield>
    </datafield>
    <datafield tag="400" ind1="1" ind2=" ">
      <subfield code="a">Palafox et Mendoza, Ioannes &#152;de&#156;</subfield>
      <subfield code="d">1600-1659</subfield>
    </datafield>
    <datafield tag="400" ind1="1" ind2=" ">
      <subfield code="a">Palafox et Mendoça, Jean &#152;de&#156;</subfield>
      <subfield code="d">1600-1659</subfield>
    </datafield>
    <datafield tag="400" ind1="1" ind2=" ">
      <subfield code="a">Palafox y Mendoça, Juan &#152;de&#156;</subfield>
      <subfield code="d">1600-1659</subfield>
    </datafield>
    <datafield tag="400" ind1="1" ind2=" ">
      <subfield code="a">Palafox, Giovanni &#152;di&#156;</subfield>
      <subfield code="d">1600-1659</subfield>
    </datafield>
    <datafield tag="400" ind1="1" ind2=" ">
      <subfield code="a">Palafox y Mendoza, Juan &#152;de&#156;</subfield>
      <subfield code="c">Bischof, Spanien, Mexiko</subfield>
      <subfield code="d">1600-1659</subfield>
    </datafield>
    <datafield tag="400" ind1="1" ind2=" ">
      <subfield code="a">Palafox e Mendoxa, Giovanni &#152;di&#156;</subfield>
      <subfield code="d">1600-1659</subfield>
    </datafield>
    <datafield tag="400" ind1="1" ind2=" ">
      <subfield code="a">Mendoc̜a, Jean de Palafox &#152;y&#156;</subfield>
      <subfield code="d">1600-1659</subfield>
    </datafield>
    <datafield tag="400" ind1="1" ind2=" ">
      <subfield code="a">Palafox i Mendoza, Juan &#152;de&#156;</subfield>
      <subfield code="d">1600-1659</subfield>
    </datafield>
    <datafield tag="400" ind1="1" ind2=" ">
      <subfield code="a">Palafox, ... &#152;de&#156;</subfield>
      <subfield code="c">Evesque Angelopolis</subfield>
      <subfield code="d">1600-1659</subfield>
    </datafield>
    <datafield tag="400" ind1="1" ind2=" ">
      <subfield code="a">Palafox, Iüan &#152;de&#156;</subfield>
      <subfield code="d">1600-1659</subfield>
    </datafield>
    <datafield tag="400" ind1="1" ind2=" ">
      <subfield code="a">Mendoça, Juan de Palafox &#152;y&#156;</subfield>
      <subfield code="d">1600-1659</subfield>
    </datafield>
    <datafield tag="548" ind1=" " ind2=" ">
      <subfield code="a">24.06.1600-01.10.1659</subfield>
      <subfield code="4">datx</subfield>
      <subfield code="4">https://d-nb.info/standards/elementset/gnd#dateOfBirthAndDeath</subfield>
      <subfield code="w">r</subfield>
      <subfield code="i">Exakte Lebensdaten</subfield>
    </datafield>
    <datafield tag="548" ind1=" " ind2=" ">
      <subfield code="a">1600-1659</subfield>
      <subfield code="4">datl</subfield>
      <subfield code="4">https://d-nb.info/standards/elementset/gnd#dateOfBirthAndDeath</subfield>
      <subfield code="w">r</subfield>
      <subfield code="i">Lebensdaten</subfield>
    </datafield>
    <datafield tag="550" ind1=" " ind2=" ">
      <subfield code="0">(DE-101)04030020X</subfield>
      <subfield code="0">(DE-588)4030020-1</subfield>
      <subfield code="0">https://d-nb.info/gnd/4030020-1</subfield>
      <subfield code="a">Katholischer Theologe</subfield>
      <subfield code="4">berc</subfield>
      <subfield code="4">https://d-nb.info/standards/elementset/gnd#professionOrOccupation</subfield>
      <subfield code="w">r</subfield>
      <subfield code="i">Charakteristischer Beruf</subfield>
    </datafield>
    <datafield tag="550" ind1=" " ind2=" ">
      <subfield code="0">(DE-101)040154718</subfield>
      <subfield code="0">(DE-588)4015471-3</subfield>
      <subfield code="0">https://d-nb.info/gnd/4015471-3</subfield>
      <subfield code="a">Erzbischof</subfield>
      <subfield code="4">beru</subfield>
      <subfield code="4">https://d-nb.info/standards/elementset/gnd#professionOrOccupation</subfield>
      <subfield code="w">r</subfield>
      <subfield code="i">Beruf</subfield>
    </datafield>
    <datafield tag="551" ind1=" " ind2=" ">
      <subfield code="0">(DE-101)966326849</subfield>
      <subfield code="0">(DE-588)4717399-3</subfield>
      <subfield code="0">https://d-nb.info/gnd/4717399-3</subfield>
      <subfield code="a">Fitero</subfield>
      <subfield code="4">ortg</subfield>
      <subfield code="4">https://d-nb.info/standards/elementset/gnd#placeOfBirth</subfield>
      <subfield code="w">r</subfield>
      <subfield code="i">Geburtsort</subfield>
    </datafield>
    <datafield tag="551" ind1=" " ind2=" ">
      <subfield code="0">(DE-101)955475848</subfield>
      <subfield code="0">(DE-588)4527089-2</subfield>
      <subfield code="0">https://d-nb.info/gnd/4527089-2</subfield>
      <subfield code="a">Osma</subfield>
      <subfield code="g">Soria</subfield>
      <subfield code="4">orts</subfield>
      <subfield code="4">https://d-nb.info/standards/elementset/gnd#placeOfDeath</subfield>
      <subfield code="w">r</subfield>
      <subfield code="i">Sterbeort</subfield>
    </datafield>
    <datafield tag="551" ind1=" " ind2=" ">
      <subfield code="0">(DE-101)040602745</subfield>
      <subfield code="0">(DE-588)4060274-6</subfield>
      <subfield code="0">https://d-nb.info/gnd/4060274-6</subfield>
      <subfield code="a">Staat Tlaxcala</subfield>
      <subfield code="4">ortw</subfield>
      <subfield code="4">https://d-nb.info/standards/elementset/gnd#placeOfActivity</subfield>
      <subfield code="w">r</subfield>
      <subfield code="i">Wirkungsort</subfield>
    </datafield>
    <datafield tag="551" ind1=" " ind2=" ">
      <subfield code="0">(DE-101)955475848</subfield>
      <subfield code="0">(DE-588)4527089-2</subfield>
      <subfield code="0">https://d-nb.info/gnd/4527089-2</subfield>
      <subfield code="a">Osma</subfield>
      <subfield code="g">Soria</subfield>
      <subfield code="4">ortw</subfield>
      <subfield code="4">https://d-nb.info/standards/elementset/gnd#placeOfActivity</subfield>
      <subfield code="w">r</subfield>
      <subfield code="i">Wirkungsort</subfield>
    </datafield>
    <datafield tag="667" ind1=" " ind2=" ">
      <subfield code="a">12</subfield>
    </datafield>
    <datafield tag="667" ind1=" " ind2=" ">
      <subfield code="a">384</subfield>
    </datafield>
    <datafield tag="667" ind1=" " ind2=" ">
      <subfield code="a">7</subfield>
    </datafield>
    <datafield tag="667" ind1=" " ind2=" ">
      <subfield code="a">32</subfield>
    </datafield>
    <datafield tag="667" ind1=" " ind2=" ">
      <subfield code="a">Quelle: LCAuth</subfield>
    </datafield>
    <datafield tag="670" ind1=" " ind2=" ">
      <subfield code="a">Enc. univ.</subfield>
    </datafield>
    <datafield tag="672" ind1=" " ind2="0">
      <subfield code="a">Don Johann von Palafox, Bischof anfänglich zu Engelstadt in Mexiko, hernach zu Osma in Sp*</subfield>
      <subfield code="f">1774</subfield>
    </datafield>
    <datafield tag="672" ind1=" " ind2="0">
      <subfield code="a">Sitio y Socorro de Fuenterabia y sucessos del anno de 1638</subfield>
      <subfield code="f">1639</subfield>
    </datafield>
    <datafield tag="672" ind1=" " ind2="0">
      <subfield code="a">Anno espiritual</subfield>
      <subfield code="f">1657</subfield>
    </datafield>
    <datafield tag="672" ind1=" " ind2="0">
      <subfield code="a">Anno espiritual</subfield>
      <subfield code="f">1662</subfield>
    </datafield>
    <datafield tag="672" ind1=" " ind2="0">
      <subfield code="a">Historia de la Conquista de la China por el Tartaro. - [ca. 1670]</subfield>
    </datafield>
    <datafield tag="672" ind1=" " ind2="0">
      <subfield code="a">Historia real Sagrada Luz de principes y Subditos</subfield>
      <subfield code="f">1643</subfield>
    </datafield>
    <datafield tag="672" ind1=" " ind2="0">
      <subfield code="a">Historia real Sagrada Luz de principes y Subditos</subfield>
      <subfield code="f">1655</subfield>
    </datafield>
    <datafield tag="672" ind1=" " ind2="0">
      <subfield code="a">Obras</subfield>
      <subfield code="f">1762</subfield>
    </datafield>
    <datafield tag="672" ind1=" " ind2="0">
      <subfield code="a">Virtudes del Indio</subfield>
      <subfield code="f">1650</subfield>
    </datafield>
    <datafield tag="672" ind1=" " ind2="0">
      <subfield code="a">De la connoissance de la bonté</subfield>
      <subfield code="f">1661</subfield>
    </datafield>
    <datafield tag="678" ind1=" " ind2=" ">
      <subfield code="b">1639-1653 Bischof von Tlaxcala. 1642 Vizekönig von Neuspanien. 1653-1659 Bischof von Osma.</subfield>
    </datafield>
    <datafield tag="678" ind1=" " ind2=" ">
      <subfield code="a">Heiligenlexikon</subfield>
      <subfield code="b">Span. Priester und Erzbischof von Mexiko</subfield>
      <subfield code="u">https://www.heiligenlexikon.de/BiographienJ/Juan_Palafox_Mendoza.html</subfield>
    </datafield>
    <datafield tag="913" ind1=" " ind2=" ">
      <subfield code="S">pnd</subfield>
      <subfield code="i">a</subfield>
      <subfield code="a">Palafox y Mendoza, Juan /de</subfield>
      <subfield code="0">(DE-588a)119030373</subfield>
    </datafield>
    <datafield tag="913" ind1=" " ind2=" ">
      <subfield code="S">pnd</subfield>
      <subfield code="i">a</subfield>
      <subfield code="a">Palafox Y Mendoza, Juan /de</subfield>
      <subfield code="0">(DE-588a)176951725</subfield>
    </datafield>
  </record>
